<?xml version="1.0" encoding="utf-8"?>
<record xmlns="http://www.loc.gov/MARC21/slim" xmlns:xsi="http://www.w3.org/2001/XMLSchema-instance" xsi:schemaLocation="http://www.loc.gov/MARC21/slim http://www.loc.gov/standards/marcxml/schema/MARC21slim.xsd">
	<leader>     nam a22        4500</leader>
	<controlfield tag="001">3121263</controlfield>
	<controlfield tag="003">NNC</controlfield>
	<controlfield tag="006">m        d        </controlfield>
	<controlfield tag="007">cr cn |||m|||a</controlfield>
	<controlfield tag="008">150603s1922    iq      o     000 0 ara  </controlfield>
	<datafield ind1=" " ind2=" " tag="040">
		<subfield code="a">NNU</subfield>
		<subfield code="b">eng</subfield>
		<subfield code="e">rda</subfield>
		<subfield code="c">NNU</subfield>
	</datafield>
	<datafield ind1="0" ind2="4" tag="050">
		<subfield code="a">PJ161</subfield>
		<subfield code="b">.S77</subfield>
	</datafield>
	<datafield ind1="1" ind2=" " tag="100">
		<subfield code="6">880-01</subfield>
		<subfield code="a">Ṣūlī, Muḥammad ibn Yaḥyá,</subfield>
		<subfield code="d">-approximately 947.</subfield>
	</datafield>
	<datafield ind1="1" ind2="0" tag="245">
		<subfield code="6">880-02</subfield>
		<subfield code="a">Adab al-kuttāb /</subfield>
		<subfield code="c">taʼlīf Abī Bakr Muḥammad ibn Yaḥyá al-Ṣūlī, nasakhahu wa-ʻuniyá bi-taṣḥīhihi wa-taʻlīq ḥawāshīhi Muḥammad Bahjat al-Atharī, wa-naẓara fīhi Maḥmūd Shukrī al-Ālūsī.</subfield>
	</datafield>
	<datafield ind1=" " ind2=" " tag="260">
		<subfield code="a">Bagdhād :</subfield>
		<subfield code="b">al-Maktabah al-ʻArabì̄yah,</subfield>
		<subfield code="c">1321 [1922/23]</subfield>
	</datafield>
	<datafield ind1=" " ind2=" " tag="300">
		<subfield code="a">online resource (272 pages)</subfield>
	</datafield>
	<datafield ind1=" " ind2=" " tag="336">
		<subfield code="a">text</subfield>
		<subfield code="2">rdacontent</subfield>
	</datafield>
	<datafield ind1=" " ind2=" " tag="337">
		<subfield code="a">computer</subfield>
		<subfield code="2">rdamedia</subfield>
	</datafield>
	<datafield ind1=" " ind2=" " tag="338">
		<subfield code="a">online resource</subfield>
		<subfield code="2">rdacarrier</subfield>
	</datafield>
	<datafield ind1=" " ind2=" " tag="500">
		<subfield code="a">Part of the Arabic Collections Online (ACO) project, contributed by Columbia University Libraries.</subfield>
	</datafield>
	<datafield ind1=" " ind2=" " tag="533">
		<subfield code="a">Electronic reproduction.</subfield>
		<subfield code="b">New York, N.Y. :</subfield>
		<subfield code="c">New York University,</subfield>
		<subfield code="d">2015.</subfield>
		<subfield code="5">NNU</subfield>
	</datafield>
	<datafield ind1=" " ind2="0" tag="650">
		<subfield code="a">Arabic language</subfield>
		<subfield code="x">Style.</subfield>
	</datafield>
	<datafield ind1=" " ind2="7" tag="650">
		<subfield code="a">Arabic language</subfield>
		<subfield code="x">Style.</subfield>
		<subfield code="2">fast</subfield>
		<subfield code="0">(OCoLC)fst00812437</subfield>
	</datafield>
	<datafield ind1="1" ind2=" " tag="700">
		<subfield code="6">880-03</subfield>
		<subfield code="a">Atharī, Muḥammad Bahjat.</subfield>
	</datafield>
	<datafield ind1="1" ind2=" " tag="700">
		<subfield code="6">880-04</subfield>
		<subfield code="a">Ālūsī, Maḥmūd Shukrī,</subfield>
		<subfield code="d">1857-1924.</subfield>
	</datafield>
	<datafield ind1="2" ind2=" " tag="710">
		<subfield code="a">Columbia University.</subfield>
		<subfield code="b">Libraries.</subfield>
	</datafield>
	<datafield ind1="0" ind2=" " tag="730">
		<subfield code="a">Arabic Collections Online.</subfield>
	</datafield>
	<datafield ind1="0" ind2="8" tag="776">
		<subfield code="i">Online version:</subfield>
		<subfield code="a">Ṣūlī, Muḥammad ibn Yaḥyá, -approximately 947.</subfield>
		<subfield code="t">Adab al-kuttāb.</subfield>
		<subfield code="d">Bagdhād : al-Maktabah al-ʻArabì̄yah, 1321 [1922/23]</subfield>
		<subfield code="w">(OCoLC)907001938</subfield>
	</datafield>
	<datafield ind1="0" ind2="8" tag="776">
		<subfield code="i">Print version:</subfield>
		<subfield code="a">Ṣūlī, Muḥammad ibn Yaḥyá, -approximately 947.</subfield>
		<subfield code="t">Adab al-kuttāb</subfield>
		<subfield code="w">(NNC)3121263</subfield>
		<subfield code="w">(DLC)   66001711 </subfield>
		<subfield code="w">(OCoLC)21585047</subfield>
	</datafield>
	<datafield ind1="4" ind2="0" tag="856">
		<subfield code="u">http://hdl.handle.net/2333.1/x0k6dn1r</subfield>
	</datafield>
	<datafield ind1="1" ind2=" " tag="880">
		<subfield code="6">100-01/r</subfield>
		<subfield code="a">صولى، محمد بن يحيى،,</subfield>
		<subfield code="d">947 approximatelyD.</subfield>
	</datafield>
	<datafield ind1="1" ind2="0" tag="880">
		<subfield code="6">245-02/r</subfield>
		<subfield code="a">أدب الكتاب /</subfield>
		<subfield code="c">تأليف أبي بكر محمد بن يحيى الصولى ؛ نسخه وعنى بتصحيحه وتعليق حواشيه محمد بهجة الأثرى ؛ ونظر فيه محمود شكرى الآلوسى.</subfield>
	</datafield>
	<datafield ind1=" " ind2=" " tag="880">
		<subfield code="6">260-00/r</subfield>
		<subfield code="a">بغداد :</subfield>
		<subfield code="b">المكتبة العربية،</subfield>
		<subfield code="c">[1923] 1341</subfield>
	</datafield>
	<datafield ind1="1" ind2=" " tag="880">
		<subfield code="6">700-03/r</subfield>
		<subfield code="a">أثرى، محمد بهجة.</subfield>
	</datafield>
	<datafield ind1="1" ind2=" " tag="880">
		<subfield code="6">700-04/r</subfield>
		<subfield code="a">آلوسى، محمود شكرى،,</subfield>
		<subfield code="d">1924-1857.</subfield>
	</datafield>
	<datafield ind1=" " ind2=" " tag="959">
		<subfield code="a">NNU</subfield>
		<subfield code="b">WEB</subfield>
		<subfield code="c">GENI</subfield>
		<subfield code="t">0</subfield>
		<subfield code="m">Electronic access</subfield>
		<subfield code="s">01</subfield>
	</datafield>
	<datafield ind1=" " ind2=" " tag="999">
		<subfield code="i">NNC_3121263</subfield>
		<subfield code="o">(OCoLC)ocm21585047 </subfield>
		<subfield code="s">columbia_aco000638</subfield>
		<subfield code="e">(ERROR-880)</subfield>
	</datafield>
</record>
